@Book{xie2015,
  title = {Dynamic Documents with {R} and knitr},
  author = {Yihui Xie},
  publisher = {Chapman and Hall/CRC},
  address = {Boca Raton, Florida},
  year = {2015},
  edition = {2nd},
  note = {ISBN 978-1498716963},
  url = {http://yihui.name/knitr/},
}

@InProceedings{III2015,
  Title                    = {International Insurance Fact Book},
  Author                   = {{Insurance~Information~Institute}},
  Year                     = {2015},
  Note                     = {[Retrieved on May 10, 2016]},
  Publisher                = {Insurance Information Institute},
  Url                      = {http://www.iii.org/sites/default/files/docs/pdf/international_insurance_factbook_2015.pdf}
}

@Book{bowers1986actuarial,
  Title                    = {Actuarial Mathematics},
  Author                   = {Bowers, Newton L. and Gerber, Hans U. and Hickman, James C. and Jones, Donald A. and Nesbitt, Cecil J.},
  Publisher                = {Society of Actuaries Itasca, Ill.},
  Year                     = {1986}
}

@Book{dickson2013actuarial,
  Title                    = {Actuarial Mathematics for Life Contingent Risks},
  Author                   = {Dickson, David C. M. and Hardy, Mary and Waters, Howard R.},
  Publisher                = {Cambridge University Press},
  Year                     = {2013}
}

@InProceedings{survey2013,
  Title                    = {2013 Insurance Predictive Modeling Survey},
  Author                   = {Earnix},
  Year                     = {2013},
  Note                     = {[Retrieved on July 7, 2014]},
  Publisher                = {Earnix and Insurance Services Office, Inc.},
  Url                      = {http://earnix.com/2013-insurance-predictive-modeling-survey/3594/}
}

@Article{bailey1960,
  Title                    = {Two studies in automobile ratemaking},
  Author                   = {Bailey, Robert A. and LeRoy, J. Simon},
  Journal                  = {Proceedings of the Casualty Actuarial Society Casualty Actuarial Society},
  Year                     = {1960},
  Number                   = {I},
  Volume                   = {XLVII}
}

@InProceedings{SASsurvey,
  Title                    = {Building believers: How to expand the use of predictive analytics in claims},
  Author                   = {Gorman, Mark and Swenson, Stephen},
  Year                     = {2013},
  Note                     = {[Retrieved on August 17, 2014]},
  Publisher                = {SAS},
  Url                      = {http://www.sas.com/resources/whitepaper/wp_59831.pdf}
}

@inproceedings{venter1983transformed,
  title={Transformed beta and gamma distributions and aggregate losses},
  author={Venter, Gary},
  booktitle={Proceedings of the Casualty Actuarial Society},
  volume={70},
  number={133 \& 134},
  pages={289--308},
  year={1983}
}

@article{mcdonald1984some,
  title={Some generalized functions for the size distribution of income},
  author={McDonald, James B},
  journal={Econometrica: journal of the Econometric Society},
  pages={647--663},
  year={1984},
  publisher={JSTOR}
}
